@book{schreiber2000knowledge,
  title={Knowledge engineering and management: the CommonKADS methodology},
  author={Schreiber, Guus},
  year={2000},
  publisher={the MIT Press}
}

@article{papadimitriou1977euclidean,
  title={The Euclidean travelling salesman problem is NP-complete},
  author={Papadimitriou, Christos H},
  journal={Theoretical Computer Science},
  volume={4},
  number={3},
  pages={237--244},
  year={1977},
  publisher={Elsevier}
}
